<?xml version="1.0" encoding="UTF-8"?><collection xmlns="http://www.loc.gov/MARC21/slim"><record><leader>00633nam--2200181-i-4500</leader><controlfield tag="001">000033851</controlfield><controlfield tag="002">20161230</controlfield><controlfield tag="005">20170123175820</controlfield><controlfield tag="008">060222s1000------------r-----000-0-eng-d</controlfield><datafield ind1=" " ind2=" " tag="040"><subfield code="a">IFIN-HH</subfield></datafield><datafield ind1=" " ind2=" " tag="080"><subfield code="a">539.12.162.8(061.3)</subfield></datafield><datafield ind1="1" ind2=" " tag="100"><subfield code="a">Tran, Jean Thanh Van</subfield></datafield><datafield ind1="1" ind2="0" tag="245"><subfield code="a">Multparticle phenomena and inclusive reactions</subfield><subfield code="b">Proceedings of the seventh rencontre de moriond, meribel-les-allues (France) march 5-17, 1972 (vii-th rmiem)</subfield><subfield code="c">J.Tran Thanh Van (ed.)</subfield></datafield><datafield ind1=" " ind2=" " tag="260"><subfield code="a">Paris</subfield><subfield code="b">Universite De Paris-sud</subfield><subfield code="c">1972</subfield></datafield><datafield ind1=" " ind2=" " tag="300"><subfield code="a">496 p</subfield></datafield><datafield ind1=" " ind2=" " tag="490"><subfield code="a">Moriond Proceedings</subfield><subfield code="v">Volume II</subfield></datafield><datafield ind1=" " ind2=" " tag="852"><subfield code="a">45672</subfield><subfield code="c">539.12</subfield></datafield><datafield ind1=" " ind2=" " tag="CAT"><subfield code="a">SYS</subfield><subfield code="c">20170123</subfield><subfield code="h">175820</subfield></datafield></record></collection>